@article{augustin2016study,
        title={A study of LoRa: Long range \& low power networks for the internet of things},
        author={Augustin, Alo{\"y}s and Yi, Jiazi and Clausen, Thomas and Townsley, William Mark},
        journal={Sensors},
        volume={16},
        number={9},
        pages={1466},
        year={2016},
        publisher={Multidisciplinary Digital Publishing Institute}
}

@inproceedings{knight2016decoding,
        title={Decoding LoRa: Realizing a modern LPWAN with SDR},
        author={Knight, Matthew and Seeber, Balint},
        booktitle={Proceedings of the GNU Radio Conference},
        volume={1},
        number={1},
        year={2016}
}

@misc{sikkendecodinglora,
        title = {DecodingLora},
        author={Sikken Bertrik},
        howpublished = {\url{https://revspace.nl/DecodingLora}},
        note = {Accessed: 2018-08-15}
}

@misc{lorawanspec,
        title = {LoRaWAN™ Specification v1.1},
        author={LoRa Alliance},
        howpublished = {\url{https://lora-alliance.org/sites/default/files/2018-04/lorawantm_specification_-v1.1.pdf}},
        note = {Accessed: 2018-08-15},
        year={2017}
}

@misc{lorawanregparams,
        title = {LoRaWAN™ Regional Parameters v1.1rB},
        author={LoRa Alliance},
        howpublished = {\url{https://lora-alliance.org/sites/default/files/2018-04/lorawantm_regional_parameters_v1.1rb_-_final.pdf}},
        note = {Accessed: 2018-08-15},
        year={2017}
}

@misc{lorawanbackend,
        title = {LoRaWAN™ Back-End Interfaces v1.0},
        author={LoRa Alliance},
        howpublished = {\url{https://lora-alliance.org/sites/default/files/2018-04/lorawantm-backend-interfaces-v1.0.pdf}},
        note = {Accessed: 2018-08-15},
        year={2017}
}

@misc{loramodulationbasics,
        title = {LoRa® Modulation Basics},
        author={Semtech Corporation},
        howpublished = {\url{https://www.semtech.com/uploads/documents/an1200.22.pdf}},
        note = {accessed: 2018-08-15},
        year={2015}
}

@misc{loramodem,
        title = {SX1272/3/6/7/8: LoRa Modem Designers Guide},
        author={Semtech Corporation},
        howpublished = {\url{https://www.semtech.com/uploads/documents/LoraDesignGuide_STD.pdf}},
        note = {accessed: 2018-08-15},
        year={2013}
}

@misc{loraetsicompliance,
        title = {ETSI Compliance of the SX1272/3 LoRa Modem},
        author={Semtech Corporation},
        howpublished = {\url{https://www.semtech.com/uploads/documents/etsi-compliance-sx1272-lora-modem.pdf}},
        note = {accessed: 2018-09-11},
        year={2013}
}

@article{recommendation200970,
  title={70-03 relating to the use of short range devices (SRD)},
  author={Recommendation, ERC},
  journal={Version of},
  volume={18},
  year={2009}
}

@article{etsisrd2018,
  title={ETSI EN 300 220-2 V3.2.1 - Short Range Devices (SRD) operating
  in the frequency range 25 MHz to 1 000 MHz;
  Part 2: Harmonised Standard for access to radio spectrum
  for non specific radio equipment },
  author={ETSI},
  year={2018}
}

@article{adelantado2017understanding,
  title={Understanding the limits of LoRaWAN},
  author={Adelantado, Ferran and Vilajosana, Xavier and Tuset-Peiro, Pere and Martinez, Borja and Melia-Segui, Joan and Watteyne, Thomas},
  journal={IEEE Communications magazine},
  volume={55},
  number={9},
  pages={34--40},
  year={2017},
  publisher={IEEE}
}

@misc{loraspreadsheet,
        title = {Spreadsheet for LoRa airtime calculation},
        author={matthijskooijman},
        howpublished = {\url{https://www.thethingsnetwork.org/forum/t/spreadsheet-for-lora-airtime-calculation/1190}},
        note = {accessed: 2018-09-11},
        year={2016}
}

@article{sorensen2017analysis,
  title={Analysis of latency and MAC-layer performance for class A LoRaWAN},
  author={S{\o}rensen, Ren{\'e} Brandborg and Kim, Dong Min and Nielsen, Jimmy Jessen and Popovski, Petar},
  journal={arXiv preprint arXiv:1712.05171},
  year={2017}
}

@inproceedings{delobel2017analysis,
  title={Analysis of the delay of confirmed downlink frames in Class B of LoRaWAN},
  author={Delobel, Fran{\c{c}}ois and El Rachkidy, Nancy and Guitton, Alexandre},
  booktitle={Vehicular Technology Conference (VTC Spring), 2017 IEEE 85th},
  pages={1--6},
  year={2017},
  organization={IEEE}
}

@inproceedings{ferre2017collision,
  title={Collision and packet loss analysis in a lorawan network},
  author={Ferr{\'e}, Guillaume},
  booktitle={Signal Processing Conference (EUSIPCO), 2017 25th European},
  pages={2586--2590},
  year={2017},
  organization={IEEE}
}
